<?xml version="1.0" encoding="UTF-8"?><collection xmlns="http://www.loc.gov/MARC21/slim"><record><leader>00484nam--2200169-i-4500</leader><controlfield tag="001">000010452</controlfield><controlfield tag="002">20161230</controlfield><controlfield tag="005">20170222170343</controlfield><controlfield tag="008">060222s1000------------r-----000-0-eng-d</controlfield><datafield ind1=" " ind2=" " tag="100"><subfield code="a">Buzuloiu, Florin</subfield></datafield><datafield ind1=" " ind2=" " tag="245"><subfield code="a">Metode de simulare in conducerea intreprinderilor</subfield></datafield><datafield ind1=" " ind2=" " tag="260"><subfield code="a">Bucuresti</subfield><subfield code="b">Institutul Central De Documentare Tehnica</subfield><subfield code="c">1972</subfield></datafield><datafield ind1=" " ind2=" " tag="300"><subfield code="a">35 p</subfield></datafield><datafield ind1=" " ind2=" " tag="490"><subfield code="a">Sinteza Documentara</subfield></datafield><datafield ind1=" " ind2=" " tag="700"><subfield code="a">Popescu, Toma</subfield></datafield><datafield ind1=" " ind2=" " tag="852"><subfield code="a">65.012.4:65.012.122</subfield></datafield><datafield ind1=" " ind2=" " tag="CAT"><subfield code="a">SYS</subfield><subfield code="c">20170222</subfield><subfield code="h">170343</subfield></datafield></record></collection>